<?xml version="1.0" encoding="UTF-8"?><collection xmlns="http://www.loc.gov/MARC21/slim"><record><leader>00457nam--2200133-i-4500</leader><controlfield tag="001">000044678</controlfield><controlfield tag="002">20161230</controlfield><controlfield tag="005">20161230201044</controlfield><controlfield tag="008">060222s1000------------r-----000-0-eng-d</controlfield><datafield ind1=" " ind2=" " tag="080"><subfield code="a">621.395:621.396</subfield></datafield><datafield ind1=" " ind2=" " tag="100"><subfield code="a">Tiberiu-petrescu, N</subfield></datafield><datafield ind1=" " ind2=" " tag="245"><subfield code="a">Radiotelegrafia si radiotelefonia cu diferitele lor aplicatiuni si organizarea radio-internationala a romaniei-mari. prefata de generalul ferrie</subfield></datafield><datafield ind1=" " ind2=" " tag="260"><subfield code="a">Bucuresti, Tipografia-poporul, 1923, 276p</subfield></datafield><datafield ind1=" " ind2=" " tag="852"><subfield code="a">3967</subfield></datafield></record></collection>